@Article{Albrechtetal2011,
  author	= {Albrecht, T. and M. Martin and M. Haseloff and R.
		  Winkelmann and A. Levermann},
  title		= {Parameterization for subgrid-scale motion of ice-shelf
		  calving fronts},
  journal	= {The Cryosphere},
  volume	= {5},
  year		= {2011},
  pages		= {35--44}
}

@Article{Alexander1977,
  author	= {Alexander, R.},
  title		= {Diagonally implicit {R}unge-{K}utta Methods for stiff {ODE}s},
  journal	= {SIAM J. Numer. Anal.},
  volume	= {14},
  number	= {6},
  year		= {1977},
  pages		= {1006--1021}
}

@Article{AlonsoSantillanaDawson2008,
  author	= {Alonso, R. and M. Santillana and C. Dawson},
  title		= {On the diffusive wave approximation of the shallow water
		  equations},
  journal	= {Eur. J. Appl. Math.},
  volume	= {19},
  number	= {5},
  year		= {2008},
  pages		= {575--606}
}

@article{Arnoldetal2002,
  author={Arnold, D. N. and Brezzi, F. and Cockburn, B. and Marini, L. D.},
  title={Unified analysis of discontinuous {G}alerkin methods for elliptic problems},
  journal={SIAM J. Numer. Analysis},
  volume={39},
  number={5},
  pages={1749--1779},
  year={2002},
  publisher={SIAM}
}

@book{AscherPetzold1998,
    AUTHOR = {Ascher, U. and L. Petzold},
     TITLE = {Computer {M}ethods for {O}rdinary {D}ifferential {E}quations and
              {D}ifferential-algebraic {E}quations},
 PUBLISHER = {SIAM Press},
   ADDRESS = {Philadelphia, PA},
      YEAR = {1998},
}

@Article{Aschwandenetal2012,
  author	= {A. Aschwanden and E. Bueler and C. Khroulev and H.
		  Blatter},
  title		= {An enthalpy formulation for glaciers and ice sheets},
  journal	= {J. Glaciol.},
  volume	= {58},
  number	= {209},
  year		= {2012},
  pages		= {441--457},
}

@TechReport{Balayetal2014,
    Author     = "S. Balay and others",
   Title       = "{PETS}c {U}sers {M}anual--Revision 3.5",
   Number      = "ANL-95/11",
   Institution = "Argonne National Laboratory",
   Year        = "2014",
   url         = "http://www.mcs.anl.gov/petsc/",
}

@Article{BarrettLiu1993,
  author	= {J. W. Barrett and W. B. Liu},
  title		= {Finite element approximation of the $p$-{L}aplacian},
  journal	= {Math. Comp.},
  volume	= {61},
  year		= {1993},
  pages		= {523--537}
}

@article{BensonMunson2006,
  title={Flexible complementarity solvers for large-scale applications},
  author={Benson, S. and Munson, T.},
  journal={Optimization Methods and Software},
  volume={21},
  number={1},
  pages={155--168},
  year={2006},
}

@article{BillupsMurty2000,
  title={Complementarity problems},
  author={S. C. Billups and K. G. Murty},
  journal={J. Comput. Appl. Math.},
  fjournal={Journal of Computational and Applied Mathematics},
  volume={124},
  number={1},
  pages={303--318},
  year={2000},
}

@Article{Brinkerhoffetal2017,
  author	= {D. Brinkerhoff and M. Truffer and A. Aschwanden},
  title		= {Sediment transport drives tidewater glacier periodicity},
  journal	= {Nature Commun.},
  volume    = {8},
  number    = {90},
  year		= {2017},
}

@techreport {Bueler2003,
    AUTHOR = {E. Bueler},
     TITLE = {Construction of steady state solutions for isothermal shallow ice sheets},
INSTITUTION = {University of Alaska, Fairbanks},
      TYPE = {Dept.~of Mathematical Sciences Tech.~Rep.},
    NUMBER = {03-02},
      YEAR = {2003},
}

@Article{Bueleretal2005,
  author	= {E. Bueler and C. S. Lingle and J. A. Kallen-Brown and D.
		  N. Covey and L. N. Bowman},
  title		= {Exact solutions and numerical verification for isothermal
		  ice sheets},
  journal	= {J. Glaciol.},
  volume	= {51},
  number	= {173},
  pages		= {291--306},
  year		= {2005}
}

@article {Bueleretal2007,
    AUTHOR = {E. Bueler and J. Brown and C. Lingle},
     TITLE = {Exact solutions to the thermomechanically coupled shallow ice approximation:
              effective tools for verification},
   JOURNAL = {J. Glaciol.},
    VOLUME = {53},
    NUMBER = {182},
     PAGES = {499--516},
      YEAR = {2007},
}

@Article{BuelervanPelt2015,
AUTHOR = {Bueler, E. and van Pelt, W.},
TITLE = {Mass-conserving subglacial hydrology in the {Parallel Ice Sheet Model} version 0.6},
JOURNAL = {Geoscientific Model Development},
VOLUME = {8},
NUMBER = {6},
PAGES = {1613--1635},
YEAR = {2015},
}

@Article{Bueler2016,
  author	= {E. Bueler},
  title		= {Stable finite volume element schemes for the shallow ice
               approximation},
  journal	= {J. Glaciol.},
  volume   = {62},
  number   = {232},
  pages    = {230--242},
  year		= {2016},
}

@article{Cai1990,
  author = {Cai, Z.},
   title = {On the finite volume element method},
 journal = {Numerische Mathematik},
  volume = {58},
  number = {1},
    year = {1990},
   pages = {713--735},
}

@article{CalvoDuranyVazquez2000,
author = "N. Calvo and J. Durany and C. V\'azquez",
title = "Numerical computation of ice sheet profiles with free boundary models",
journal = "Appl. Numer. Math.",
volume = "35",
number = "2",
pages = "111--128",
year = "2000",
}

@Article{Calvoetal2002,
  author	= {N. Calvo and others},
  title		= {On a doubly nonlinear parabolic obstacle problem modelling
		  ice sheet dynamics},
  year		= {2002},
  journal	= {SIAM J. Appl. Math.},
  volume	= {63},
  number	= {2},
  pages		= {683--707}
}

@article{CurtisPowellReid1974,
  title={On the estimation of sparse Jacobian matrices},
  author={Curtis, AR and Powell, Michael JD and Reid, John K},
  journal={J. Inst. Math. Appl},
  volume={13},
  number={1},
  pages={117--120},
  year={1974},
}

@article{DiazSchiavi1999,
  title={On a degenerate parabolic/hyperbolic system in glaciology giving rise to a free boundary},
  author={Diaz, JI and Schiavi, E},
  journal={Nonlinear Analysis, Theory, Methods \& Applications},
  volume={38},
  number={5},
  pages={649--673},
  year={1999},
}

@Article{EgholmNielsen2010,
  author	= {Egholm, D. and Nielsen, S.},
  title		= {An adaptive finite volume solver for ice sheets and
		  glaciers},
  journal	= {J. Geophys. Res.: Earth Surface},
  volume	= {115},
  number	= {F1},
  year		= {2010}
}

@book{Elmanetal2014,
  title={Finite {E}lements and {F}ast {I}terative {S}olvers: with {A}pplications
         in {I}ncompressible {F}luid {D}ynamics},
  author={Elman, H. C. and Silvester, D. J. and Wathen, A. J.},
  edition={2nd},
  publisher={Oxford University Press},
  year={2014}
}

@Book {Evans2010,
    AUTHOR = {L. Evans},
     TITLE = {Partial {D}ifferential {E}quations},
 PUBLISHER = {American Mathematical Society},
   EDITION = {2nd},
      YEAR = {2010},
}

@article{EwingLinLin2002,
  title={On the accuracy of the finite volume element method based on piecewise linear polynomials},
  author={Ewing, R. E. and Lin, T. and Lin, Y.},
  journal={SIAM J. Numer. Analysis},
  volume={39},
  number={6},
  pages={1865--1888},
  year={2002},
}

@Book {FacchineiPang2003,
    AUTHOR = {F. Facchinei and J.-S. Pang},
     TITLE = {Finite-{D}imensional {V}ariational {I}nequalities and {C}omplementarity {P}roblems},
    VOLUME = {1},
 PUBLISHER = {Springer},
      YEAR = {2003},
}

@book {Fowler1997,
    AUTHOR = {A. C. Fowler},
     TITLE = {Mathematical Models in the Applied Sciences},
 PUBLISHER = {Cambridge Univ. Press},
      YEAR = {1997},
}

@Book{Friedman1982,
  author    = {A. Friedman},
  title     = {Variational {I}nequalities and {F}ree {B}oundary {P}roblems},
  publisher = {Wiley Interscience},
  year      = {1982}
}

@article {GeorgeIverson2014,
     author = {George, D. L. and Iverson, R. M.},
     title = {A depth-averaged debris-flow model that includes the effects of evolving dilatancy. {II}. {N}umerical predictions and experimental tests},
    volume = {470},
    number = {2170},
      year = {2014},
   journal = {P. Roy. Soc. A-Math. Phy.},
}

@Book {GilbargTrudinger2001,
    AUTHOR = {D. Gilbarg and N. Trudinger},
     TITLE = {Elliptic {P}artial {D}ifferential {E}quations of {S}econd {O}rder},
 PUBLISHER = {Springer},
      NOTE = {Reprint of the 1998 edition},
      YEAR = {2001},
}

@article{GlowinskiMarroco1975,
   author = {Glowinski, R. and Marroco, A.},
    title = {Sur l'approximation, par \'el\'ements finis d'ordre un, et la r\'esolution,
             par p\'enalisation-dualit\'e d'une classe de probl\`emes de {D}irichlet
             non lin\'eaires},
  journal = {{R.A.I.R.O.}},
   number = {R-2},
    pages = {41--76},
   volume = {9},
     year = {1975},
}

@book{GreveBlatter2009,
    AUTHOR = {R. Greve and H. Blatter},
     TITLE = {Dynamics of {I}ce {S}heets and {G}laciers},
    SERIES = {Advances in Geophysical and Environmental
              Mechanics and Mathematics},
 PUBLISHER = {Springer},
      YEAR = {2009},
}

@Article{IdelsohnOnate2010,
  title={The challenge of mass conservation in the solution of free-surface flows with the fractional-step method: Problems and solutions},
  author={Idelsohn, S. R. and O{\~n}ate, E.},
  journal={International Journal for Numerical Methods in Biomedical Engineering},
  volume={26},
  number={10},
  pages={1313--1330},
  year={2010},
}

@Article{JaroschSchoofAnslow2013,
  author	= {Jarosch, A. H. and Schoof, C. G. and Anslow, F. S.},
  title		= {Restoring mass conservation to shallow ice flow models
		  over complex terrain},
  journal	= {The Cryosphere},
  volume	= {7},
  year		= {2013},
  number	= {1},
  pages		= {229--240},
}

@article {Jouvetetal2011,
    AUTHOR = {G. Jouvet and J. Rappaz and E. Bueler and H. Blatter},
     TITLE = {Existence and stability of steady state solutions of
              the shallow ice sheet equation by an energy minimization approach},
   JOURNAL = {J. Glaciol.},
    VOLUME = {57},
    NUMBER = {202},
      YEAR = {2011},
     PAGES = {345--354},
}

@Article{JouvetBueler2012,
  author	= {G. Jouvet and E. Bueler},
  title		= {Steady, shallow ice sheets as obstacle problems:
		  well-posedness and finite element approximation},
  journal	= {SIAM J. Appl. Math.},
  volume	= {72},
  number	= {4},
  pages		= {1292--1314},
  year		= {2012}
}

@InProceedings{JouvetBuelerGraeserKornhuber2013,
  author	= {G. Jouvet and E. Bueler and C. Gr√§ser and R. Kornhuber},
  title		= {A nonsmooth {N}ewton multigrid method for a hybrid, shallow model of marine ice sheets},
  booktitle	= {Recent Advances in Scientific Computing and Applications},
  editors  = {J. Li and H. Yang and E. Machorro},
  series = {Contemporary Mathematics},
  volume	= {586},
  pages		= {197--205},
  publisher = {American Mathematical Society},
  year		= {2013}
}


@book{Kelley2003,
  title={Solving {N}onlinear {E}quations with {N}ewton's {M}ethod},
  author={Kelley, C.},
  year={2003},
  publisher={SIAM Press},
}

@article{KelleyKeyes1998,
  title={Convergence analysis of pseudo-transient continuation},
  author={Kelley, C. and Keyes, D.},
  journal={SIAM J. Numer. Analysis},
  volume={35},
  number={2},
  pages={508--523},
  year={1998},
}

@Book{KinderlehrerStampacchia1980,
  author	= {D. Kinderlehrer and G. Stampacchia},
  title		= {An {I}ntroduction to {V}ariational {I}nequalities and
		  their {A}pplications},
  series	= {Pure and Applied Mathematics},
  publisher	= {Academic Press},
  year		= {1980}
}

@Article{Kondic2003,
  author	= {Kondic, L.},
  title		= {Instabilities in gravity driven flow of thin fluid films},
  journal	= {SIAM Rev.},
  volume	= {45},
  year		= {2003},
  number	= {1},
  pages		= {95--115 (electronic)}
}

@Article{Lengetal2014,
  title={Finite element three-dimensional Stokes ice sheet dynamics model with enhanced local mass conservation},
  author={Leng, W. and Ju, L. and Xie, Y. and Cui, T. and Gunzburger, M.},
  journal={J. Computational Physics},
  volume={274},
  pages={299--311},
  year={2014},
}

@book {LeVeque2002,
    AUTHOR = {R. J. LeVeque},
     TITLE = {Finite Volume Methods for Hyperbolic Problems},
    SERIES = {Cambridge Texts in Applied Mathematics},
 PUBLISHER = {Cambridge University Press},
      YEAR = {2002},
}

@article{LeVequeetal2011,
  title={Tsunami modelling with adaptively refined finite volume methods},
  author={LeVeque, R. J. and George, D. L. and Berger, M. J.},
  journal={Acta Numerica},
  volume={20},
  pages={211--289},
  year={2011},
}

@inproceedings{LeVequeGeorge2008,
  author={LeVeque, R. J. and George, D. L.},
  title={High-resolution finite volume methods for the shallow water equations
         with bathymetry and dry states},
  booktitle={Advanced Numerical Models for Simulating Tsunami Waves and Runup},
  editors={P. L. Liu and C. Synolakis and H. Yeh},
  series={Advances in Coastal and Ocean Engineering},
  volume={10},
  pages={43--73},
  publisher={World Scientific},
  year={2008},
}

@article {LipscombHunke2004,
    AUTHOR = {W. H. Lipscomb and E. C. Hunke},
     TITLE = {Modeling sea ice transport using incremental remapping},
   JOURNAL = {Mon. Wea. Rev.},
    VOLUME = {132},
     PAGES = {1341--1354},
      YEAR = {2004},
}

@article {Mahaffy1976,
    AUTHOR = {M. W. Mahaffy},
     TITLE = {A three--dimensional numerical model of ice sheets: tests on the
              {B}arnes {I}ce {C}ap, {N}orthwest {T}erritories},
   JOURNAL = {J. Geophys. Res.},
    VOLUME = {81},
    NUMBER = {6},
     PAGES = {1059--1066},
      YEAR = {1976},
}

@Article{Maxwelletal2015,
AUTHOR = {Maxwell, R. M. and Condon, L. E. and Kollet, S. J.},
TITLE = {A high-resolution simulation of groundwater and surface water over most of the continental {US} with the integrated hydrologic model {ParFlow} v3},
JOURNAL = {Geoscientific Model Development},
VOLUME = {8},
PAGES = {923--937},
YEAR = {2015}
}

@book {MortonMayers2005,
    AUTHOR = {K. W. Morton and D. F. Mayers},
     TITLE = {Numerical {S}olutions of {P}artial {D}ifferential {E}quations:
              {A}n {I}ntroduction},
 PUBLISHER = {Cambridge University Press},
 edition   = {2nd},
      YEAR = {2005},
}

@book {Morton2018,
    AUTHOR = {K. W. Morton},
     TITLE = {Numerical {S}olution of {C}onvection-{D}iffusion {P}roblems},
 PUBLISHER = {CRC Press},
      note = {reprint of the 1996 edition},
      YEAR = {2018},
}

@Book{Ockendonetal2003,
  AUTHOR    = {J. Ockendon and S. Howison and A. Lacey and S. Movchan},
  TITLE     = {Applied {P}artial {D}ifferential {E}quations},
  PUBLISHER = {Oxford University Press},
  ADDRESS   = {Oxford, UK},
  EDITION   = {revised},
  YEAR      = {2003},
}

@unpublished{Peral1997,
  title   = {Multiplicity of solutions for the $p$-{L}aplacian},
  author  = {Peral, I.},
  note    = {Notes of the Second International School in Functional Analysis
             and Applications to Differential Equations, ICTP-Trieste},
  year    = {1997}
}

@book{PorterStirling1990,
  title  = {Integral {E}quations: {A} {P}ractical {T}reatment, from {S}pectral
            {T}heory to {A}pplications},
  author = {Porter, D. and Stirling, D.},
  year   = {1990},
  publisher = {Cambridge University Press}
}

@article {Raviart1970,
    AUTHOR = {P. A. Raviart},
     TITLE = {Sur la r\'esolution de certaines equations paraboliques non lin\'eaires},
   JOURNAL = {J. Functional Anal.},
    VOLUME = {5},
     PAGES = {299--328},
      YEAR = {1970},
}

@article{Ringleretal2013,
  title={A multi-resolution approach to global ocean modeling},
  author={Ringler, T. and Petersen, M. and Higdon, R. and Jacobsen, D. and Jones, P. and Maltrud, M.},
  journal={Ocean Modelling},
  volume={69},
  pages={211--232},
  year={2013},
}

@Article{Schoofetal2012,
  author  = {C. Schoof and I. J. Hewitt and M. A. Werder},
  title   = {Flotation and free surface flow in a model for subglacial
             drainage. {P}art {I}: {D}istributed drainage},
  journal = {J. Fluid Mech.},
  volume  = {702},
  pages   = {126--156},
  year    = {2012}
}

@article{Thorndikeetal1975,
  title={The thickness distribution of sea ice},
  author={Thorndike, A. and Rothrock, D. and Maykut, G. and Colony, R.},
  journal={J. Geophys. Res.},
  volume={80},
  number={33},
  pages={4501--4513},
  year={1975},
}

@Article{Thuburn2008,
  author  = {J. Thuburn},
  title   = {Some conservation issues for the dynamical cores of {NWP} and
             climate models},
  journal = {J. Comput. Phys.},
  volume  = {227},
  pages   = {3715--3730},
  year    = {2008}
}

@book{vanderVeen2013,
    AUTHOR = {C. J. van der Veen},
     TITLE = {Fundamentals of {G}lacier {D}ynamics},
    EDITION = {2nd},
 PUBLISHER = {CRC Press},
      YEAR = {2013},
}

@book {Vazquez2007,
    AUTHOR = {V{\'a}zquez, J. L.},
     TITLE = {The {P}orous {M}edium {E}quation},
 PUBLISHER = {Oxford University Press},
      YEAR = {2007},
}

@Article{Winkelmannetal2011,
AUTHOR = {Winkelmann, R. and Martin, M. A. and Haseloff, M. and Albrecht, T. and Bueler, E. and Khroulev, C. and Levermann, A.},
TITLE = {The {P}otsdam {P}arallel {I}ce {S}heet {M}odel ({PISM-PIK}) {P}art 1: {M}odel description},
JOURNAL = {The Cryosphere},
VOLUME = {5},
YEAR = {2011},
PAGES = {715--726},
}
